% Encoding: UTF8

@inproceedings{wu2013online,
  title={Online object tracking: A benchmark},
  author={Wu, Yi and Lim, Jongwoo and Yang, Ming-Hsuan},
  booktitle={Computer Vision and Pattern Recognition (CVPR), 2013 IEEE Conference on},
  pages={2411--2418},
  year={2013},
  organization={IEEE}
}

@article{jin2015gpusgd,
  title={GPUSGD: A GPU-accelerated stochastic gradient descent algorithm for matrix factorization},
  author={Jin, Jing and Lai, Siyan and Hu, Su and Lin, Jing and Lin, Xiaola},
  journal={Concurrency and Computation: Practice and Experience},
  year={2015},
  publisher={Wiley Online Library}
}